@inproceedings{Rector:2010,
 author = {Rector, Alan},
 title = {Knowledge Driven Software and \&\#8220;Fractal Tailoring\&\#8221;: Ontologies in Development Environments for Clinical Systems},
 booktitle = {Proceedings of the 2010 Conference on Formal Ontology in Information Systems: Proceedings of the Sixth International Conference (FOIS 2010)},
 year = {2010},
 isbn = {978-1-60750-534-1},
 pages = {17--28},
 numpages = {12},
 url = {http://dl.acm.org/citation.cfm?id=1804715.1804720},
 acmid = {1804720},
 publisher = {IOS Press},
 address = {Amsterdam, The Netherlands, The Netherlands},
} 

@misc{Mercury15,
  author = {Henderson, Fergus, et. al.},
  title = {{The Mercury Language Reference Manual},
  howpublished = {\url{https://mercurylang.org/information/doc-release/reference_manual.pdf}},
  note = {Accessed: 2015-03-15}
}

@article{LaunchburyJ95,
  author    = {John Launchbury and
               Simon L. Peyton Jones},
  title     = {State in Haskell},
  journal   = {Lisp and Symbolic Computation},
  volume    = {8},
  number    = {4},
  pages     = {293--341},
  year      = {1995}
}

@article{PeytonJ2003,
  author    = {Peyton Jones, S.L. et al.},
  title     = {The Haskell 98 Language and Libraries: The Revised Report},
  journal   = {Journal of Functional Programming},
  volume    = {13},
  number    = {1},
  year      = {2003}
}

@misc{Plasmeijer1998,
  author = {Plasmeijer, R. and van Eekelen, M.: },
  title = {{ Concurrent Clean Language Report - version 1.3},
  howpublished = { Technical Report CSI-R9816, Computing Science Institute, University of Nijmegen },
  Year = {1998}
  note = {Accessed: 2015-03-15}
}

@inproceedings{WanH00,
  author    = {Zhanyong Wan and
               Paul Hudak},
  title     = {Functional reactive programming from first principles},
  booktitle = {Proceedings of the 2000 {ACM} {SIGPLAN} Conference on Programming Language Design and Implementation (PLDI), Vancouver, Britith Columbia,
               Canada, June 18-21, 2000},
  pages     = {242--252},
  year      = {2000},
  url       = {http://doi.acm.org/10.1145/349299.349331},
  doi       = {10.1145/349299.349331}
}

@inbook{JonesS2007,
    author = {Jones, Simon P.},
    booktitle = {Beautiful Code: Leading Programmers Explain How They Think (Theory in Practice (O'Reilly))},
    editor = {Oram, Andy and Wilson, Greg},
    isbn = {0596510047},
    publisher = {O'Reilly Media, Inc.},
    title = {{Beautiful Concurrency}},
    year = {2007}
}

@article{Agha90,
  author    = {Gul Agha},
  title     = {Concurrent Object-Oriented Programming},
  journal   = {Commun. {ACM}},
  volume    = {33},
  number    = {9},
  pages     = {125--141},
  year      = {1990},
  url       = {http://doi.acm.org/10.1145/83880.84528},
  doi       = {10.1145/83880.84528}
  }

@misc{Akka2015,
  title ={Akka 2.3.9 for Scala 2.10 and 2.11},
  howpublished = { \url{{ http://akka.io/docs/ } },
  Year = {2015}
  note = {Accessed: 2015-03-15}
}

@misc{Prova2010,
 author = {Paschke Adrian and Kozlenkov Alexander}
  title ={Prova Rule Language Version 3.0 - Userâ€™s Guide },
  howpublished = { \url{https://prova.ws/index.html?page=documentation.php} },
  Year = {2010}
  note = {Accessed: 2015-03-15}
}

@misc{Aleri2008,
 author = {Paschke Adrian and Kozlenkov Alexander}
  title ={Aleri FlexStreams },
  howpublished = { \url{http://www.aleri.com/files/FlexStream.pdf} },
  Year = {2008}
  note = {Accessed: 2008-03-15}
}

@misc{Oracle2008,
 title ={ Oracle CEP},
  howpublished = { \url{ http://docs.oracle.com/cd/E16764_01/doc.1111/e14476/overview.htm} },
  Year = {2008}
  note = {Accessed: 2008-03-15}
}
